@patent{Daley1988,
  author = {Daley, W.},
  title = {Table Tennis Robot},
  year = {1988},
  number = {US 4765618},
  type = {Patent},
}

@patent{Wiley1994,
  author = {Wiley, P. and Woodrow W. W.},
  title = { Pneumatic ball pitching machine for different sized balls},
  year = {1994},
  number = {US 5496025A},
  type = {Patent},
}

@patent{Chao2003,
  author = {Chao, T. and Tsai, T. and Hugar, T.},
  title = {Table Tennis Serving Machine},
  year = {2003},
  number = {US 6604517},
  type = {Patent},
}

@patent{Thoman2022,
  author = {Thoman, L. and Cevik, B.},
  title = {Table Tennis Robot with Improved Serving Head Movement},
  year = {2022},
  number = {EP 3 967 376},
  type = {Patent},
}

@patent{Romulo2012,
  author = {Romulo J. Cucjen and Dennis Randall Duron},
  title = {Programmable Ball Throwing Apparatus},
  year = {2012},
  number = {US 8,287,404 B2},
  type = {Patent},
}

@patent{Kang2019,
  author = {Kang, M. J. and Kim, J. H.},
  title = {Ball throwing device for table tennis},
  year = {2019},
  number = {KR 101992961B1},
  type = {Patent},
  institution = {Korean Intellectual Property Office},
}

@inproceedings{Dittrich2023,
  author = {A. Dittrich and others},
  title = {AIMY: An Open-source Table Tennis Ball Launcher for Versatile and High-fidelity Trajectory Generation},
  booktitle = {2023 IEEE International Conference on Robotics and Automation (ICRA)},
  publisher = {IEEE},
  year = {2023},
  pages = {3058--3064},
  doi = {10.1109/ICRA48891.2023.10160336},
  month = {May}
}

@inproceedings{Jamaludin2023,
  author = {I. J. Jamaludin and Z. Ahmad and M. Z. Baharom},
  title = {A Short Review on Development of Table Tennis Robotic Launcher},
  booktitle = {Proc. International Human Engineering Symposium (HUMENS)},
  address = {Pekan, Malaysia},
  year = {2023},
  pages = {377--388},
  doi = {10.1007/978-981-99-6890-9_30}
}

@inproceedings{Tasci2023,
  author = {M. Taşcı},
  title = {mTTTbot: Multiple Style Table Tennis Trainer \& Ball Launcher Robot},
  booktitle = {Proc. 8th International Scientific Conference on Telecommunications, Informatics, Energy and Management (TIEM 2023)},
  year = {2023},
  pages = {276--284}
}

@inproceedings{Jamaludin2022,
  author = {I. J. Jamaludin and I. M. Ilmam and Z. Ahmad and M. Z. Baharom},
  title = {Development of the Table Tennis Robot Launcher},
  booktitle = {Proc. International Conference on Innovation and Technology in Sports (ICITS)},
  address = {Malaysia},
  year = {2022},
  pages = {213--222},
  doi = {10.1007/978-981-99-0297-2_17}
}

@inproceedings{Gao2019,
  author = {R. Gao},
  title = {Tennis Ball Machine Innovated in Control, Economy and Portability},
  booktitle = {Proc. 2019 4th International Conference on Mechanical, Control and Computer Engineering (ICMCCE)},
  address = {Hohhot, China},
  year = {2019},
  pages = {255--254},
  doi = {10.1109/ICMCCE48743.2019.00065}
}

@misc{statista2024,
  author       = {Statista},
  title        = {Wholesale sales of table tennis equipment in the U.S. 2007-2023},
  year         = {2024},
  month        = {May 10},
  url          = {https://www.statista.com/statistics/258665/table-tennis-equipment-wholesale-sales-in-the-us/},
  note         = {Accessed: 2024-10-15}
}

@misc{amazon2024,
  author       = {{Table Tennis Robot Automatic Ping Pong Robot Machine for Training Table Tennis}},
  title        = {Table Tennis Robot Automatic Ping Pong Robot Machine for Training Table Tennis},
  year         = {n.d.},
  url          = {https://www.amazon.com/ZXMOTO-Tennis-Automatic-Machine-Training/dp/B07D5F4M7Y?th=1},
  note         = {Accessed: 2024-10-15}
}

@misc{ipong2022,
  author       = {IPong Shop},
  title        = {iPong V300 Models},
  url          = {http://www.ipong.net/joomla/index.php/ipong-models/ipong-v300},
  note         = {Last accessed: 2022/12/31}
}

@misc{zxmoto2022,
  author       = {HP-07 ZXMOTO Manual Instruction},
  title        = {HP-07 ZXMOTO Manual Instruction},
  url          = {https://mainimage.trsports.com.au/Instruction/HP07-INS.pdf},
  note         = {Last accessed: 2024/10/16}
}

@misc{practice_partner2022,
  author       = {Practice Partner 20 Table Tennis Robot Instruction Manual},
  title        = {Practice Partner 20 Table Tennis Robot Instruction Manual},
  url          = {https://www.table-tennis-tables.co.uk/images/pp-20-manual.pdf},
  note         = {Last accessed: 2024/10/16}
}

@misc{robopong3050,
  author       = {NEWGY},
  title        = {Robo-Pong 3050XL Table Tennis Robot},
  url          = {https://www.newgy.com/products/robo-pong-3050xl},
  note         = {Last accessed: 2024/10/16}
}

@misc{robopong2055,
  author       = {NEWGY},
  title        = {Robo-Pong 2055 Table Tennis Robot},
  url          = {https://www.newgy.com/products/newgy-robo-pong-2055?pr_prod_strat=e5_desc&pr_rec_id=9bdab4839&pr_rec_pid=716965740586&pr_ref_pid=650079535146&pr_seq=uniform},
  note         = {Last accessed: 2024/10/16}
}

@misc{s8pro,
  author       = {AliExpress},
  title        = {HUIPANG S8-PRO Table Tennis Robot},
  url          = {https://tr.aliexpress.com/item/1005004296528017.html?gatewayAdapt=glo2tur},
  note         = {Last accessed: 2024/10/16}
}

@misc{siobasi,
  author       = {sportswing},
  title        = {Siboasi T899 Ping Pong Table Tennis Machine},
  url          = {https://www.sportswing.in/product/siboasi-t899-ping-pong-table-tennis-machine/},
  note         = {Last accessed: 2024/10/16}
}

@misc{doublefish,
  author       = {doublefish},
  title        = {Doublefish DF-E Table Tennis Machine},
  url          = {https://www.doublefish.com/best-table-tennis-robot-df-e6_p176.html},
  note         = {Last accessed: 2024/10/16}
}

@misc{pongbotnova2024,
  author       = {PONGBOT},
  title        = {Enhance Your Play with NOVA S Pro: Ultimate Table Tennis Robot},
  url          = {https://pongbotstore.com/product/nova-s-pro/},
  note         = {Last accessed: 2024/10/16},
  year         = {2024}
}

@misc{powerpongalpha,
  author       = {Power Pong},
  title        = {Power Pong ALPHA Table Tennis Robot},
  url          = {https://www.powerpong.org/products/power-pong-alpha-table-tennis-robot},
  note         = {Last accessed: 2024/10/16}
}

@misc{powerpongomega,
  author       = {Power Pong},
  title        = {Power Pong OMEGA Robot},
  url          = {https://www.powerpong.org/products/power-pong-omega-table-tennis-robot},
  note         = {Last accessed: 2024/10/16}
}

@misc{huipanghp07,
  author       = {Aliexpress},
  title        = {HUIPANG HP-07 masa tenisi robot makinesi + 100 pinpon masası tenis topları açık alan fitness ekipmanları eğitim spor ekipmanı},
  url          = {https://tr.aliexpress.com/item/32887973032.html?albagn=888888&src=google&albch=search&acnt=479-062-3723&isdl=y&aff_short_key=UneMJZVf&albcp=266121556&albag=7593673036&slnk=&trgt=dsa-42862830006&plac=&crea=426823514858&netw=g&device=c&mtctp=&memo1=&albbt=Google_7_search&aff_platform=google&gad_source=1&gclid=Cj0KCQjwveK4BhD4ARIsAKy6pMLRuzr0o7xnPTrqMvMc50d8Bp_k2iPNOnzSrIuvJz5dW89tNSfgLZMaAsEOEALw_wcB&gclsrc=aw.ds&gatewayAdapt=glo2tur},
  note         = {Last accessed: 2024/10/16}
}

@misc{huipangs8pro,
  author       = {Aliexpress},
  title        = {HUIPANG S8-PRO Table Tennis Robot/Machine Easy Assemble Goods for Practice Multi-functional Recycle balls},
  url          = {https://vi.aliexpress.com/item/1005004296528017.html?gatewayAdapt=glo2vnm},
  note         = {Last accessed: 2024/10/16}
}

@misc{huipangs1001,
  author       = {Aliexpress},
  title        = {HUIPANG S1001 Automatic table tennis serve robot Two service heads. Two exits. Ping Pong Robot},
  url          = {https://acesse.one/XRUcb},
  note         = {Last accessed: 2024/10/16}
}

@misc{ipongv300,
  author       = {iPong},
  title        = {iPong v300},
  url          = {http://www.ipong.net/joomla/index.php/ipong-models/ipong-v300},
  note         = {Last accessed: 2024/10/16}
}

@misc{robopong3050,
  author       = {NEWGY},
  title        = {Robo-Pong 3050XL Table Tennis Robot},
  url          = {https://www.newgy.com/collections/robots/products/robo-pong-3050xl},
  note         = {Last accessed: 2024/10/16}
}

@misc{siboasit899,
  author       = {Sports Wing},
  title        = {Siboasi T899 Ping Pong Table Tennis Machine},
  url          = {https://www.sportswing.in/product/siboasi-t899-ping-pong-table-tennis-machine/?srsltid=AfmBOoqalQ0n4Sl2kSpUbAy-4OwLsNBdgCYNMt3R7MTxA2DaoMauzrR9},
  note         = {Last accessed: 2024/10/16}
}

@misc{table_tennis_market_2032,
    title = {Table tennis table market Size, Share | Analysis Report, 2032},
    year = {n.d.},
    url = {https://www.businessresearchinsights.com/market-reports/table-tennis-table-market-110915},
    note = {Accessed: 2024-10-23}
}

@article{Lan2024,
  title       = {Recent Patents on Pitching Machine},
  journal     = {Recent Patents on Engineering},
  volume      = {18},
  number      = {1},
  pages       = {145--154},
  year        = {2024},
  issn        = {1872-2121/2212-4047},
  doi         = {10.2174/1872212118666230228090934},
  url         = {https://www.eurekaselect.com/article/129847},
  author      = {Lan Yao and Chao-Fang Xiang and Jia-Wei Yu and Yu-Peng Jiang},
  keywords    = {Pitching, mechanical structure, functional principle, patent overview, development of ball games, module entertainment and sports}
}

@inproceedings{Zhang2021,
  author      = {G. Zhang and M. Liu and S. Li and Y. Shi},
  title       = {The Design and Physical Implementation of Tennis Training Robots},
  booktitle   = {2021 IEEE 10th Data Driven Control and Learning Systems Conference (DDCLS)},
  year        = {2021},
  pages       = {444--449},
  address     = {Suzhou, China},
  doi         = {10.1109/DDCLS52934.2021.9455579},
  keywords    = {Training, Learning systems, Sports equipment, Image processing, Process control, Switches, Stereo vision, Tennis Training Robot, Stereo Vision, Spin, Image Processing Algorithm}
}
